@article{beast,
        Author = {Bouckaert, Remco R. and Heled, Joseph and K{\"u}hnert, Denise and Vaughan, Tim and Wu, Chieh-Hsi and Xie, Dong and Suchard, Marc A and Rambaut , Andrew and Drummo
nd, Alexei J},
        Date-Added = {2014-05-21 03:24:22 +0000},
        Date-Modified = {2015-07-02 08:20:30 +0000},
        Doi = {10.1371/journal.pcbi.1003537},
        Journal = {PLoS Comput Biol},
        Journal-Full = {PLoS computational biology},
        Month = {Apr},
        Number = {4},
        Pages = {e1003537},
        Pmc = {PMC3985171},
        Pmid = {24722319},
        Pst = {epublish},
        Title = {{BEAST 2}: a software platform for {B}ayesian evolutionary analysis},
        Volume = {10},
        Year = {2014},
        Bdsk-Url-1 = {https://doi.org/10.1371/journal.pcbi.1003537}
}

@article{ringe2001,
        Author = {Ringe, Don and Warnow, Tandy and Taylor, Ann},
        Date-Added = {2011-01-27 13:41:32 +0100},
        Date-Modified = {2011-01-27 13:44:41 +0100},
        Journal = {Transactions of the Philological Society},
        Keywords = {linguistics},
        Number = {1},
        Options = {skipbib=true},
        Pages = {59-129},
        Title = {Indo-European and Computational Cladistics},
        Volume = {100},
        Year = {2002}}

@article{gray2003language,
  title={Language-tree divergence times support the Anatolian theory of {I}ndo-{E}uropean origin},
  author={Gray, Russell D and Atkinson, Quentin D},
  journal={Nature},
  volume={426},
  number={6965},
  pages={435--439},
  year={2003},
  publisher={Nature Publishing Group}
}

@article{IE2013,
  title={Mapping the origins and expansion of the {I}ndo-{E}uropean language family},
  author={Bouckaert, Remco and Lemey, Philippe and Dunn, Michael and Greenhill, Simon J and Alekseyenko, Alexander V and Drummond, Alexei J and Gray, Russell D and Suchard, Marc A and Atkinson, Quentin D},
  journal={Science},
  volume={337},
  number={6097},
  pages={957--960},
  year={2012},
  publisher={American Association for the Advancement of Science}
}

@article{tuffley1998modeling,
  title={Modeling the covarion hypothesis of nucleotide substitution},
  author={Tuffley, Chris and Steel, Mike},
  journal={Mathematical biosciences},
  volume={147},
  number={1},
  pages={63--91},
  year={1998},
  publisher={Elsevier}
}

@article{gray2009language,
  title={Language phylogenies reveal expansion pulses and pauses in {P}acific settlement},
  author={Gray, Russell D and Drummond, Alexei J and Greenhill, Simon J},
  journal={Science},
  volume={323},
  number={5913},
  pages={479--483},
  year={2009},
  publisher={American Association for the Advancement of Science}
}

@article{nicholls2008dated,
  title={Dated ancestral trees from binary trait data and their application to the diversification of languages},
  author={Nicholls, Geoff K and Gray, Russell D},
  journal={Journal of the Royal Statistical Society: Series B (Statistical Methodology)},
  volume={70},
  number={3},
  pages={545--566},
  year={2008},
  publisher={Wiley Online Library}
}


@article{alekseyenko2008wagner,
  title={Wagner and {D}ollo: a stochastic duet by composing two parsimonious solos},
  author={Alekseyenko, Alexander V and Lee, Christopher J and Suchard, Marc A},
  journal={Systematic biology},
  volume={57},
  number={5},
  pages={772--784},
  year={2008},
  publisher={Oxford University Press}
}

@article{atkinson2005words,
  title={From words to dates: water into wine, mathemagic or phylogenetic inference?},
  author={Atkinson, Quentin and Nicholls, Geoff and Welch, David and Gray, Russell},
  journal={Transactions of the Philological Society},
  volume={103},
  number={2},
  pages={193--219},
  year={2005},
  publisher={Wiley Online Library}
}

